
@article{anderson_navigating_2011,
	title = {Navigating the multiple meanings of beta diversity: a roadmap for the practicing ecologist},
	volume = {14},
	number = {1},
	journal = {Ecology Letters},
	author = {Anderson, M. J. and Crist, T. O. and Chase, J. M. and Vellend, M. and Inouye, B. D. and Freestone, A. L. and Sanders, N. J. and Cornell, H. V. and Comita, L. S. and Davies, K. F. and Harrison, S. P. and Kraft, N. J. B. and Stegen, J. C. and Swenson, N. G.},
	year = {2011},
	pages = {19--28},
}

@book{bolker_bbmle:_2014,
	title = {bbmle: {Tools} for general maximum likelihood estimation},
	url = {http://CRAN.R-project.org/package=bbmle},
	author = {Bolker, Ben and Team, R. Development Core},
	year = {2014},
	note = {R package version 1.0.17}
}

@article{bolker_generalized_2009,
	title = {Generalized linear mixed models: a practical guide for ecology and evolution},
	volume = {24},
	number = {3},
	journal = {Trends in Ecology \& Evolution},
	author = {Bolker, B.M and Brooks, M.E and Clark, C.J and Geange, S.W and Poulsen, J.R and Stevens, M.H.H and White, J.S.S},
	year = {2009},
	pages = {127--135}
}

@book{bretz_multiple_2010,
	address = {London},
	title = {Multiple comparisons using {R}},
	isbn = {15848857424999},
	publisher = {Chapman /\& Hall},
	author = {Bretz, Frank and Hothorn, Torsten and Westfall, Peter H.},
	year = {2010}
}

@phdthesis{bretz_powerful_1999,
	title = {Powerful modifications of {Williams}' test on trend},
	author = {Bretz, Frank},
	year = {1999}
}

@article{brock_minimum_2015,
	title = {The minimum detectable difference ({MDD}) and the interpretation of treatment-related effects of pesticides in experimental ecosystems},
	volume = {22},
	number = {2},
	journal = {Environmental Science and Pollution Research},
	author = {Brock, T. C. M. and Hammers-Wirtz, M. and Hommen, U. and Preuss, T. G. and Ratte, H-T. and Roessink, I. and Strauss, T. and Van den Brink, P. J.},
	year = {2015},
	pages = {1160--1174}
}

@article{dunnett_multiple_1955,
	title = {A {Multiple} {Comparison} {Procedure} for {Comparing} {Several} {Treatments} with a {Control}},
	volume = {50},
	number = {272},
	journal = {Journal of the American Statistical Association},
	author = {Dunnett, Charles W.},
	year = {1955},
	pages = {1096--1121}
}

@article{efsa_ppr_guidance_2013,
	title = {Guidance on tiered risk assessment for plant protection products for aquatic organisms in edge-of-field surface waters},
	volume = {11},
	number = {7},
	journal = {EFSA Journal},
	author = {{EFSA PPR}},
	year = {2013},
	pages = {3290}
}

@book{environment_canada_guidance_2005,
	address = {Ottawa},
	title = {Guidance document on statistical methods for environmental toxicity tests},
	publisher = {Environment Canada},
	author = {{Environment Canada}},
	year = {2005}
}

@book{epa_methods_2002,
	title = {Methods for {Measuring} the {Acute} {Toxicity} of {Effluents} and {Receiving} {Waters} to {Freshwater} and {Marine} {Organisms}},
	publisher = {U.S. Environmental Protection Agency},
	author = {{EPA}},
	year = {2002}
}

@book{faraway_extending_2006,
	address = {Boca Raton},
	title = {Extending the linear model with {R}: {Generalized} linear, mixed effects and nonparametric regression models},
	isbn = {158488424X},
	publisher = {Chapman \& Hall},
	author = {Faraway, Julian James},
	year = {2006}
}

@article{gelman_difference_2006,
	title = {The difference between “significant” and “not significant” is not itself statistically significant},
	volume = {60},
	number = {4},
	journal = {The American Statistician},
	author = {Gelman, A. and Stern, H.},
	year = {2006},
	pages = {328--331}
}

@article{genz_numerical_1999,
	title = {Numerical computation of multivariate t-probabilities with application to power calculation of multiple contrasts},
	volume = {63},
	url = {http://www.tandfonline.com/doi/abs/10.1080/00949659908811962},
	doi = {10.1080/00949659908811962},
	number = {4},
	journal = {Journal of Statistical Computation and Simulation},
	author = {Genz, Alan and Bretz, Frank},
	year = {1999},
	pages = {103--117}
}

@article{hauck_walds_1977,
	title = {Wald's {Test} as {Applied} to {Hypotheses} in {Logit} {Analysis}},
	volume = {72},
	number = {360},
	journal = {Journal of the American Statistical Association},
	author = {Hauck, Walter W. and Donner, Allan},
	year = {1977},
	pages = {851}
}

@book{hilbe_modeling_2014,
	address = {New York, NY},
	title = {Modeling {Count} {Data}},
	isbn = {9781107611252},
	publisher = {Cambridge University Press},
	author = {Hilbe, Joseph M.},
	year = {2014}
}

@article{hoenig_abuse_2001,
	title = {The abuse of power},
	volume = {55},
	number = {1},
	journal = {The American Statistician},
	author = {Hoenig, John M. and Heisey, Dennis M.},
	year = {2001},
	pages = {19--24}
}

@article{holm_simple_1979,
	title = {A simple sequentially rejective multiple test procedure},
	volume = {6},
	number = {2},
	journal = {Scandinavian journal of statistics},
	author = {Holm, Sture},
	year = {1979},
	pages = {65--70}
}

@article{hothorn_statistical_2014,
	title = {Statistical evaluation of toxicological bioassays – a review},
	volume = {3},
	issn = {2045-452X, 2045-4538},
	number = {6},
	journal = {Toxicol. Res.},
	author = {Hothorn, Ludwig A.},
	year = {2014},
	pages = {418--432}
}

@article{hothorn_simultaneous_2008,
	title = {Simultaneous inference in general parametric models},
	volume = {50},
	number = {3},
	journal = {Biometrical Journal},
	author = {Hothorn, T. and Bretz, F. and Westfall, P.},
	year = {2008},
	pages = {346--363}
}

@article{hothorn_simultaneous_2008-1,
	title = {Simultaneous {Inference} in {General} {Parametric} {Models}},
	volume = {50},
	number = {3},
	journal = {Biometrical Journal},
	author = {Hothorn, Torsten and Bretz, Frank and Westfall, Peter},
	year = {2008},
	pages = {346--363}
}

@article{ives_for_2015,
  title={For testing the significance of regression coefficients, go ahead and log-transform count data},
  author={Ives, Anthony R},
  journal={Methods in Ecology and Evolution},
  volume={6},
  number={7},
  pages={828--835},
  year={2015},
  publisher={Wiley Online Library}
}

@article{jager_bad_2012,
	title = {Bad habits die hard: {The} {NOEC}'s persistence reflects poorly on ecotoxicology},
	volume = {31},
	number = {2},
	journal = {Environmental Toxicology and Chemistry},
	author = {Jager, Tjalling},
	year = {2012},
	pages = {228--229}
}

@article{jaki_statistical_2013,
	title = {Statistical evaluation of toxicological assays: {Dunnett} or {Williams} test—take both},
	volume = {87},
	number = {11},
	journal = {Archives of Toxicology},
	author = {Jaki, Thomas and Hothorn, Ludwig A.},
	year = {2013},
	pages = {1901--1910}
}

@article{johnson_power_2015,
	title = {Power analysis for generalized linear mixed models in ecology and evolution},
	volume = {6},
	number = {2},
	journal = {Methods in Ecology and Evolution},
	author = {Johnson, Paul C. D. and Barry, Sarah J. E. and Ferguson, Heather M. and Müller, Pie},
	year = {2015},
	pages = {133--142},
}

@article{konietschke_rank-based_2012,
	title = {Rank-based multiple test procedures and simultaneous confidence intervals},
	volume = {6},
	journal = {Electronic Journal of Statistics},
	author = {Konietschke, Frank and Hothorn, Ludwig A. and Brunner, Edgar},
	year = {2012},
	pages = {738--759},
}

@phdthesis{konietschke_simultane_2009,
	title = {Simultane {Konfidenzintervalle} für nichtparametrische relative {Kontrasteffekte}},
	urldate = {2014-08-21},
	school = {Ph. D. thesis, Georg-August Universität Göttingen},
	author = {Konietschke, Frank},
	year = {2009},
	file = {Konietschke.pdf:/home/edisz/Documents/Literature/storage/P8WZ5PUN/Konietschke.pdf:application/pdf}
}

@article{kuiper_identification_2014,
	title = {Identification of the {Minimum} {Effective} {Dose} for {Normally} {Distributed} {Endpoints} {Using} a {Model} {Selection} {Approach}},
	volume = {6},
	number = {1},
	journal = {Statistics in Biopharmaceutical Research},
	author = {Kuiper, Rebecca M. and Gerhard, Daniel and Hothorn, Ludwig A.},
	year = {2014},
	pages = {55--66}
}

@article{landis_well_2011,
	title = {Well past time to stop using {NOELs} and {LOELs}},
	volume = {7},
	number = {4},
	journal = {Integrated Environmental Assessment and Management},
	author = {Landis, Wayne G and Chapman, Peter M},
	year = {2011},
	pages = {vi--viii},
}

@article{laskowski_good_1995,
	title = {Some good reasons to ban the use of {NOEC}, {LOEC} and related concepts in ecotoxicology},
	volume = {73},
	number = {1},
	journal = {Oikos},
	author = {Laskowski, R.},
	year = {1995},
	pages = {140--144}
}

@article{marascuilo_appropriate_1970,
	title = {Appropriate post hoc comparisons for interaction and nested hypotheses in analysis of variance designs: {The} elimination of type {IV} errors},
	journal = {American Educational Research Journal},
	author = {Marascuilo, Leonard A. and Levin, Joel R.},
	year = {1970},
	pages = {397--421}
}

@article{marschner_glm2:_2011,
	title = {glm2: fitting generalized linear models with convergence problems},
	volume = {3},
	number = {2},
	journal = {The R journal},
	author = {Marschner, Ian C.},
	year = {2011},
	pages = {12--15},
}

@article{nelder_generalized_1972,
	title = {Generalized {Linear} {Models}},
	volume = {135},
	number = {3},
	journal = {Journal of the Royal Statistical Society. Series A (General)},
	author = {Nelder, J. A. and Wedderburn, R. W. M.},
	year = {1972},
	pages = {370--384},
}

@article{newman_regression_1993,
	title = {Regression analysis of log-transformed data: {Statistical} bias and its correction},
	volume = {12},
	number = {6},
	journal = {Environmental Toxicology and Chemistry},
	author = {Newman, Michael C.},
	year = {1993},
	pages = {1129--1133},
}

@book{newman_quantitative_2012,
	address = {Boca Raton, FL},
	title = {Quantitative ecotoxicology},
	publisher = {Taylor \& Francis},
	author = {Newman, Michael C},
	year = {2012},
}

@book{oecd_test_2004,
	address = {Paris},
	title = {Test {No}. 202: {Daphnia} sp. {Acute} {Immobilisation} {Test}},
	isbn = {9789264069947},
	shorttitle = {Test {No}. 202},
	url = {http://www.oecd-ilibrary.org/content/book/9789264069947-en},
	publisher = {Organisation for Economic Co-operation and Development},
	author = {{OECD}},
	year = {2004},
}

@book{oecd_current_2006,
	address = {Paris},
	series = {Series on {Testing} and {Assessment}},
	title = {Current {Approaches} in the {Statistical} {Analysis} of {Ecotoxicity} {Data}: {A} {Guidance} to {Application}},
	number = {54},
	publisher = {OECD},
	author = {{OECD}},
	year = {2006},
}

@article{ohara_not_2010,
	title = {Do not log-transform count data},
	volume = {1},
	number = {2},
	journal = {Methods in Ecology and Evolution},
	author = {O’Hara, Robert B. and Kotze, D. Johan},
	year = {2010},
	pages = {118--122},
}

@book{quinn_experimental_2009,
	address = {Cambridge},
	title = {Experimental design and data analysis for biologists},
	isbn = {9780521811286},
	publisher = {Cambridge Univ. Press},
	author = {Quinn, Gerry P. and Keough, Michael J.},
	year = {2009},
}

@book{r_core_team_r:_2014,
	address = {Vienna, Austria},
	title = {R: {A} {Language} and {Environment} for {Statistical} {Computing}},
	url = {http://www.R-project.org/},
	publisher = {R Foundation for Statistical Computing},
	author = {{R Core Team}},
	year = {2014}
}

@article{rothery_cautionary_1988,
	title = {A cautionary note on data transformation: bias in back-transformed means},
	volume = {35},
	number = {3},
	journal = {Bird Study},
	author = {Rothery, P.},
	year = {1988},
	pages = {219--221},
}

@article{sanderson_pesticide_2002,
	title = {Pesticide studies},
	volume = {9},
	number = {6},
	journal = {Environmental Science and Pollution Research},
	author = {Sanderson, Hans},
	year = {2002},
	pages = {429--435},
}

@book{smith_mixed_2009,
	title = {Mixed {Effects} {Models} and {Extensions} in {Ecology} with {R}},
	isbn = {978-0-387-87457-9},
	publisher = {Springer},
	author = {Smith, Graham M. and Saveliev, Anatoly A. and Walker, Neil and Ieno, Elena N. and Zuur., Alain F.},
	year = {2009},
}

@article{stroup_rethinking_2014,
  title={Rethinking the analysis of non-normal data in plant and soil science},
  author={Stroup, Walter W},
  journal={Agronomy Journal},
  volume={107},
  number={2},
  pages={811--827},
  year={2015},
  publisher={The American Society of Agronomy, Inc.}
}

@article{szocs_analysing_2015,
	title = {Analysing chemical-induced changes in macroinvertebrate communities in aquatic mesocosm experiments: a comparison of methods},
	volume = {24},
	number = {4},
	journal = {Ecotoxicology},
	author = {Szöcs, Eduard and Brink, Paul J. Van den and Lagadic, Laurent and Caquet, Thierry and Roucaute, Marc and Auber, Arnaud and Bayona, Yannick and Liess, Matthias and Ebke, Peter and Ippolito, Alessio and Braak, Cajo J. F. ter and Brock, Theo C. M. and Schäfer, Ralf B.},
	year = {2015},
	pages = {760--769},
}

@article{szocs_analysing_2015-1,
	title = {Analysing chemical-induced changes in macroinvertebrate communities in aquatic mesocosm experiments: {A} comparison of methods},
	doi = {10.1007/s10646-015-1421-0},
	journal = {Ecotoxicology},
	author = {Szöcs, Eduard and Van Den Brink, P. J. and Lagadic, Laurent and Caquet, Thierry and Roucaute, Marc and Auber, Arnaud and Bayona, Yannick and Liess, Matthias and Ebke, Peter and Ippolito, A. and Ter Braak, C. J. and Brock, C. M. and Schäfer, R. B.},
	year = {2015}
}

@article{ter_braak_topics_2014,
  title={Topics in constrained and unconstrained ordination},
  author={ter Braak, Cajo JF and {\v{S}}milauer, Petr},
  journal={Plant Ecology},
  volume={216},
  number={5},
  pages={683--696},
  year={2015},
  publisher={Springer}
}

@article{van_den_brink_impact_2000,
	title = {Impact of the fungicide carbendazim in freshwater microcosms. {II}. {Zooplankton}, primary producers and final conclusions},
	volume = {48},
	number = {2-3},
	journal = {Aquatic Toxicology},
	author = {van den Brink, P. J. and Hattink, J. and Brock, T. C. M. and Bransen, F. and van Donk, E.},
	year = {2000},
	pages = {251--264},
}

@book{venables_modern_2002,
	address = {New York},
	edition = {Fourth edition.},
	title = {Modern {Applied} {Statistics} with {S}},
	publisher = {Springer},
	author = {Venables, W. N. and Ripley, B. D.},
	year = {2002},
}

@article{ver_hoef_quasi-poisson_2007,
	title = {Quasi-{Poisson} vs. negative binomial regression: how should we model overdispersed count data?},
	volume = {88},
	shorttitle = {Quasi-{Poisson} vs. negative binomial regression},
	number = {11},
	journal = {Ecology},
	author = {Ver Hoef, Jay M. and Boveng, Peter L.},
	year = {2007},
	pages = {2766--2772}
}

@article{wang_making_2011,
	title = {Making the right conclusions based on wrong results and small sample sizes: interpretation of statistical tests in ecotoxicology},
	volume = {74},
	number = {4},
	journal = {Ecotoxicology and Environmental Safety},
	author = {Wang, M. and Riffel, M.},
	year = {2011},
	pages = {684--92}
}

@article{warton_arcsine_2011,
	title = {The arcsine is asinine: the analysis of proportions in ecology},
	volume = {92},
	number = {1},
	journal = {Ecology},
	author = {Warton, David I. and Hui, Francis K. C.},
	year = {2011},
	pages = {3--10}
}

@article{warton_distance-based_2012,
	title = {Distance-based multivariate analyses confound location and dispersion effects},
	volume = {3},
	issn = {2041-210X},
	number = {1},
	journal = {Methods in Ecology and Evolution},
	author = {Warton, David I. and Wright, Stephen T. and Wang, Yi},
	year = {2012},
	pages = {89--101},
}

@article{warton_many_2005,
	title = {Many zeros does not mean zero inflation: comparing the goodness-of-fit of parametric models to multivariate abundance data},
	volume = {16},
	number = {3},
	journal = {Environmetrics},
	author = {Warton, David I.},
	year = {2005},
	pages = {275--289},
}

@article{warton_many_2005-1,
	title = {Many zeros does not mean zero inflation: comparing the goodness-of-fit of parametric models to multivariate abundance data},
	volume = {16},
	number = {3},
	journal = {Environmetrics},
	author = {Warton, David I.},
	year = {2005},
	pages = {275--289}
}

@article{weber_short-term_1989,
	address = {Cincinnati, OH: Environmental Monitoring Systems Laboratory},
	title = {Short-term methods for estimating the chronic toxicity of effluents and receiving waters to fresh- water organisms},
	number = {EPA/600/4–89/001},
	institution = {Environmental Protection Agency},
	author = {Weber, C. I. and Peltier, W. H. and Norbert-King, T. J. and Horning, W. B. and Kessler, F.A. and Menkedick, J. R. and Neiheisel, T. W. and Lewis, P. A. and Klemm, D. J. and Pickering, Q.H. and Robinson, E. L. and Lazorchak, J. M. and Wymer, L.J. and Freyberg, R. W.},
	year = {1989}
}

@article{wilks_large-sample_1938,
	title = {The large-sample distribution of the likelihood ratio for testing composite hypotheses},
	volume = {9},
	number = {1},
	journal = {The Annals of Mathematical Statistics},
	author = {Wilks, Samuel S.},
	year = {1938},
	pages = {60--62},
}

@article{williams_comparison_1972,
	title = {The comparison of several dose levels with a zero dose control},
	journal = {Biometrics},
	author = {Williams, D. A.},
	year = {1972},
	pages = {519--531},
}

@article{williams_extra-binomial_1982,
	title = {Extra-{Binomial} {Variation} in {Logistic} {Linear} {Models}},
	volume = {31},
	number = {2},
	journal = {Journal of the Royal Statistical Society. Series C (Applied Statistics)},
	author = {Williams, D. A.},
	year = {1982},
	pages = {144--148}
}

@article{zeileis_diagnostic_2002,
	title = {Diagnostic {Checking} in {Regression} {Relationships}},
	volume = {2},
	number = {3},
	journal = {R News},
	author = {Zeileis, Achim and Hothorn, Torsten},
	year = {2002},
	pages = {7--10}
}

@book{zuur_beginners_2013,
	address = {Newburgh},
	title = {A beginner's guide to {GLM} and {GLMM} with {R}: a frequentist and {Bayesian} perspctive for ecologists},
	isbn = {0957174136 9780957174139},
	publisher = {Highland Statistics},
	author = {Zuur, Alain F},
	year = {2013},
}

@book{_multivariate_????,
	title = {Multivariate {Generalized} {Linear} {Mixed} {Models} {Using} {R}},
	url = {http://www.crcpress.com/product/isbn/9781439813263},
}
