@article{webb2005,
         title={Phylomatic: tree assembly for applied phylogenetics},
         author={Webb, Campbell O and Donoghue, Michael J},
         journal={Molecular Ecology Notes},
         volume={5},
         number={1},
         pages={181--183},
         year={2005},
}

@article{stodden2010,
         title={Reproducible research: Addressing the need for data and code sharing in computational science},
         author={Stodden, Victoria C},
         journal={Computing in Science \& Engineering},
         volume={12},
         number={5},
         pages={8--12},
         year={2010}
}

@article{zimmer2012,
         title={A Sharp Rise in Retractions Prompts Calls for Reform},
         author={Zimmer, Carl},
         journal={New York Times},
         URL={http://www.nytimes.com/2012/04/17/science/rise-in-scientific-journal-retractions-prompts-calls-for-reform.html?_r=0},
         year={2012}
}

@Manual{chamberlain2013,
        title = {rsnps: Interface to SNP data on the web.},
        author = {Scott Chamberlain and Kevin Ushey},
        year = {2013},
        note = {R package version 0.0.4},
        url = {https://github.com/ropensci/rsnps}
}

@Manual{winter2013,
        title = {rentrez: Entrez in R},
        author = {David Winter},
        year = {2013},
        note = {R package version 0.2.1},
        url = {https://github.com/ropensci/rentrez}
}

@Article{paradis2004,
         title = {A{PE}: analyses of phylogenetics and evolution in {R} language},
         author = {E. Paradis and J. Claude and K. Strimmer},
         journal = {Bioinformatics},
         year = {2004},
         volume = {20},
         pages = {289-290}
}

@Manual{lefeuvre2010,
        title = {BoSSA: a Bunch of Structure and Sequence Analysis},
        author = {Pierre Lefeuvre},
        year = {2010},
        note = {R package version 1.2},
        url = {http://CRAN.R-project.org/package=BoSSA}
}

@article{gentleman_bioconductor:_2004,
  title={Bioconductor: open software development for computational biology and bioinformatics},
  author={Gentleman, Robert C and Carey, Vincent J and Bates, Douglas M and Bolstad, Ben and Dettling, Marcel and Dudoit, Sandrine and Ellis, Byron and Gautier, Laurent and Ge, Yongchao and Gentry, Jeff and others},
  journal={Genome biology},
  volume={5},
  number={10},
  pages={1},
  year={2004},
  publisher={BioMed Central}
}

@Book{yihui2013,
      title = {Dynamic Documents with {R} and knitr},
      author = {Yihui Xie},
      publisher = {Chapman and Hall/CRC},
      year = {2013},
      url = {http://yihui.name/knitr/}
}

@article{carvalho2010plantminer,
         title={Plantminer: a web tool for checking and gathering plant species taxonomic information},
         author={Carvalho, Gustavo Henrique and Cianciaruso, Marcus Vinicius and Batalha, Marco Ant{\^o}nio},
         journal={Environmental Modelling \& Software},
         volume={25},
         number={6},
         pages={815--816},
         year={2010},
}

@article{federhen2012,
         author = {Federhen, Scott}, 
         title = {The NCBI Taxonomy database},
         volume = {40}, 
         number = {D1}, 
         pages = {D136-D143}, 
         year = {2012}, 
         journal = {Nucleic Acids Research} 
}

@article{webb2002phylogenies,
         title={Phylogenies and community ecology},
         author={Webb, Campbell O and Ackerly, David D and McPeek, Mark A and Donoghue, Michael J},
         journal={Annual Review of Ecology and Systematics},
         pages={475--505},
         year={2002},
}

@article{rafferty2013phylogenetic,
  title={Phylogenetic trait-based analyses of ecological networks},
  author={Rafferty, Nicole E and Ives, Anthony R},
  journal={Ecology},
  volume={94},
  number={10},
  pages={2321--2333},
  year={2013},
}

@article{baird_toward_2011,
         title = {Toward a knowledge infrastructure for traits-based ecological risk assessment},
         volume = {7},
         number = {2},
         journal = {Integrated Environmental Assessment and Management},
         author = {Baird, Donald J and Baker, Christopher J O and Brua, Robert B and Hajibabaei, Mehrdad and {McNicol}, Kearon and Pascoe, Timothy J and de Zwart, Dick},
         year = {2011},
         keywords = {Ecological risk assesssment, Knowledge infrastructure, Traits},
         pages = {209–215}
}

@article{statzner_can_2010,
         title = {Can biological invertebrate traits resolve effects of multiple stressors on running water ecosystems?},
         volume = {55},
         journal = {Freshwater Biology},
         author = {Statzner, B. and B\^eche, {L.A}},
         year = {2010},
         pages = {80–119},
}

@article{usseglio-polatera_biological_2000,
         title = {Biological and ecological traits of benthic freshwater macroinvertebrates: relationships and definition of groups with similar traits},
         volume = {43},
         number = {2},
         journal = {Freshwater Biology},
         author = {Usseglio-Polatera, Philippe and Bournaud, Michel and Richoux, Philippe and Tachet, Henri},
         year = {2000},
         pages = {175–205},
}


@article{kleyer_assessing_2012,
         title = {Assessing species and community functional responses to environmental gradients: which multivariate methods?},
         volume = {23},
         number = {5},
         journal = {Journal of Vegetation Science},
         author = {Kleyer, Michael and Dray, Stéphane and Bello, Francescode and Leps, Jan and Pakeman, Robin J. and Strauss, Barbara and Thuiller, Wilfried and Lavorel, Sandra},
         year = {2012},
         pages = {805–821}
}

@Manual{httr,
        title = {httr: Tools for working with URLs and HTTP},
        author = {Hadley Wickham},
        year = {2012},
        note = {R package version 0.2},
        url = {http://CRAN.R-project.org/package=httr}
}

@Article{plyr,
         title = {The Split-Apply-Combine Strategy for Data Analysis},
         author = {Hadley Wickham},
         journal = {Journal of Statistical Software},
         year = {2011},
         volume = {40},
         number = {1},
         pages = {1--29},
}

@Manual{stringr,
        title = {stringr: Make it easier to work with strings.},
        author = {Hadley Wickham},
        year = {2012},
        note = {R package version 0.6.2},
        url = {http://CRAN.R-project.org/package=stringr}
}

@Manual{rcurl,
        title = {RCurl: General network (HTTP/FTP/...) client interface for R},
        author = {Duncan Temple Lang},
        year = {2013},
        note = {R package version 1.95-4.1},
        url = {http://CRAN.R-project.org/package=RCurl},
}

@Manual{xml,
        title = {XML: Tools for parsing and generating XML within R and S-Plus.},
        author = {Duncan Temple Lang},
        year = {2013},
        note = {R package version 3.95-0.2},
        url = {http://CRAN.R-project.org/package=XML},
}

@Manual{taxonstand,
        title = {Taxonstand: Taxonomic standardization of plant species names},
        author = {Luis Cayuela},
        year = {2012},
        note = {R package version 1.0},
        url = {http://CRAN.R-project.org/package=Taxonstand},
}

@article {Cayuela_2012,
          author = {Cayuela, Luis and Granzow-de la Cerda, Íñigo and Albuquerque, Fabio S. and Golicher, Duncan J.},
          title = {taxonstand: An r package for species names standardisation in vegetation databases},
          journal = {Methods in Ecology and Evolution},
          volume = {3},
          number = {6},
          pages = {1078--1083},
          year = {2012},
}


@Manual{rjsonio,
        title = {RJSONIO: Serialize R objects to JSON, JavaScript Object Notation},
        author = {Duncan Temple Lang},
        year = {2013},
        note = {R package version 1.0-3},
        url = {http://CRAN.R-project.org/package=RJSONIO},
}

@article{boyle2013, 
         title={The taxonomic name resolution service: an online tool for automated standardization of plant names}, 
         volume={14}, 
         number={1}, 
         journal={BMC Bioinformatics}, 
         author={Boyle, Brad and Hopkins, Nicole and Lu, Zhenyuan and Raygoza Garay, Juan Antonio and Mozzherin, Dmitry and Rees, Tony and Matasci, Naim and Narro, Martha L and Piel, William H and Mckay, Sheldon J and et al.}, 
         year={2013}, 
         pages={1}
}

@article{weiser2007,
         title = {Latitudinal patterns of range size and species richness of New World woody plants},
         volume = {16},
         number = {5},
         journal = {Global Ecology and Biogeography},
         author = {Weiser, Michael D. and Enquist, Brian J. and Boyle, Brad and Killeen, Timothy J. and Jørgensen, Peter M. and Fonseca, Gustavo and Jennings, Michael D. and Kerkhoff, Andrew J. and Lacher Jr, Thomas E. and Monteagudo, Abel and et al.},
         year = {2007},
         month = {sep},
         pages = {679-688}
}

@article{poff2006functional,
         title={Functional trait niches of North American lotic insects: traits-based ecological applications in light of phylogenetic relationships},
         author={Poff, N LeRoy and Olden, Julian D and Vieira, Nicole KM and Finn, Debra S and Simmons, Mark P and Kondratieff, Boris C},
         journal={Journal of the North American Benthological Society},
         volume={25},
         number={4},
         pages={730--755},
         year={2006}
}

@article{benton2000,
      title = {Stems, nodes, crown clades, and rank-free lists: is Linnaeus dead?},
      volume = {75},
      number = {4},
      journal = {Biological Reviews},
      author = {Benton, Michael J.},
      year = {2000},
      pages = {633-648}
}
