@article{szocs2015ecotoxicology,
  title={Ecotoxicology is not normal},
  author={Sz{\"o}cs, Eduard and Sch{\"a}fer, Ralf B.},
  journal={Environmental Science and Pollution Research},
  volume={22},
  number={18},
  pages={13990--13999},
  year={2015},
  publisher={Springer}
}

@article{chamberlain2013taxize,
  title={taxize: taxonomic search and retrieval in R},
  author={Chamberlain, Scott A. and Sz{\"o}cs, Eduard},
  journal={F1000Research},
  volume={2},
  number={191},
  year={2013}
}

@article{szocs2016jss,
  title={webchem: An R Package to Retrieve Chemical Information from the Web},
  author={Sz{\"o}cs, Eduard and Sch{\"a}fer, Ralf B.},
  journal={Journal of Statistical Software},
  year={2016},
  note={accepted.}
}

@article{szocs2016est,
  title={Large scale risks from pesticides in small streams},
  author={Sz{\"o}cs, Eduard and Brinke, Marvin and Karaoglan, Bilgin and Sch{\"a}fer, Ralf B.},
  journal={Environmental Science \& Technology},
  year={2016},
  note={submitted.}
}
