
@misc{szocs_webchem:_2016,
	title = {webchem: webchem v0.1.0},

	url = {http://zenodo.org/record/46930},
	urldate = {2016-07-15},
	author = {Szöcs, Eduard},

	year = {2016},
	note = {DOI: 10.5281/zenodo.46930}
}

@book{stasinopoulos_gamlss.dist:_2016,
	title = {gamlss.dist: {Distributions} to be {Used} for {GAMLSS} {Modelling}},
	url = {https://CRAN.R-project.org/package=gamlss.dist},
	author = {Stasinopoulos, Mikis and Akantziliotou, Bob Rigby with contributions from Calliope and Heller, Gillian and Ospina, Raydonal and Motpan, Nicoletta and McElduff, Fiona and Voudouris, Vlasios and Djennad, Majid and Enea, Marco and Ghalanos, Alexios},
	year = {2016},
	note = {R package version 4.3-6}
}

@article{schreiner_pesticide_2016,
	title = {Pesticide mixtures in streams of several {European} countries and the {USA}},
	volume = {573},
	doi = {10.1016/j.scitotenv.2016.08.163},
	journal = {Science of The Total Environment},
	author = {Schreiner, Verena C. and Szöcs, Eduard and Bhowmik, Avit Kumar and Vijver, Martina G. and Schäfer, Ralf B.},
	year = {2016},
	pages = {680--689},
}

@article{schafer_contribution_2016,
	title = {Contribution of organic toxicants to multiple stress in river ecosystems},
	doi = {10.1111/fwb.12811},
	journal = {Freshwater Biology},
	author = {Schäfer, Ralf B. and Kühn, Bernhard and Malaj, Egina and König, Anne and Gergs, René},
	year = {2016},
	pages = {2116 - 2128},
	volume = {61},
	issue =  {12}
}

@book{r_core_team_r:_2016,
	address = {Vienna, Austria},
	title = {R: {A} {Language} and {Environment} for {Statistical} {Computing}},
	url = {https://www.R-project.org/},
	publisher = {R Foundation for Statistical Computing},
	author = {{R Core Team}},
	year = {2016}
}

@book{oksanen_vegan:_2016,
    title = {vegan: Community Ecology Package},
    author = {Jari Oksanen and F. Guillaume Blanchet and Michael Friendly and Roeland Kindt and Pierre Legendre and Dan McGlinn and Peter R. Minchin and R. B. O'Hara and Gavin L. Simpson and Peter Solymos and M. Henry H. Stevens and Eduard Szoecs and Helene Wagner},
    year = {2016},
    note = {R package version 2.4-1},
    url = {https://CRAN.R-project.org/package=vegan}
}

@article{lorenz_specifics_2016,
	title = {Specifics and challenges of assessing exposure and effects of pesticides in small water bodies},

	doi = {10.1007/s10750-016-2973-6},
	journal = {Hydrobiologia},
	author = {Lorenz, Stefan and Rasmussen, Jes J. and Süß, Angelika and Kalettka, Thomas and Golla, Burkhard and Horney, Peter and Stähler, Matthias and Hommel, Bernd and Schäfer, Ralf B.},
	year = {2016},
	pages = {1--12},
}

@article{lewis_international_2016,
	title = {An international database for pesticide risk assessments and management},
	volume = {22},

	url = {http://dx.doi.org/10.1080/10807039.2015.1133242},
	doi = {10.1080/10807039.2015.1133242},
	number = {4},
	urldate = {2016-07-27},
	journal = {Human and Ecological Risk Assessment: An International Journal},
	author = {Lewis, Kathleen A. and Tzilivakis, John and Warner, Douglas J. and Green, Andrew},
	year = {2016},
	pages = {1050--1064}
}

@article{knauer_pesticides_2016,
	title = {Pesticides in surface waters: a comparison with regulatory acceptable concentrations ({RACs}) determined in the authorization process and consideration for regulation},
	volume = {28},
	number = {13},
	journal = {Environmental Sciences Europe},
	author = {Knauer, Katja},
	year = {2016},
}

@misc{bvl_online_2016,
	title = {Online {Datenbank} für zugelassene {Pflanzenschutzmittel}},
	url = {www.bvl.bund.de/DE/04_Pflanzenschutzmittel/01_Aufgaben/02_ZulassungPSM/01_ZugelPSM/01_OnlineDatenbank/psm_onlineDB_node.html},
	urldate = {2016-09-15},
	journal = {Bundesamt für Verbraucherschutz und Lebensmittelsicherheit},
	author = {{BVL}},
	year = {2016},
}

@misc{adv_atkis_2016,
	title = {{ATKIS} - {Amtliche} {Geobasisdaten}},
	url = {http://www.adv-online.de/AAA-Modell/ATKIS/},
	author = {{AdV}},
	year = {2016},
	note = {Arbeitsgemeinschaft der Vermessungsverwaltungen der Länder der Bundesrepublik Deutschland}
}

@article{vos_organic_2015,
	title = {Organic matter breakdown in streams in a region of contrasting anthropogenic land use},
	volume = {527-528},

	doi = {10.1016/j.scitotenv.2015.04.071},
	journal = {Science of The Total Environment},
	author = {Voß, K. and Fernández, D. and Schäfer, R.B.},
	year = {2015},
	pages = {179--184},
}

@misc{u.s._epa_ecotoxicology_2015,
	title = {The {ECOTOXicology} knowledgebase ({ECOTOX})},
	url = {http://cfpub.epa.gov/ecotox/},
	urldate = {2015-11-16},
	author = {{U.S. EPA}},
	year = {2015}
}

@article{stehle_pesticide_2015,
	title = {Pesticide authorization in the {EU}—environment unprotected?},
	volume = {22},
	url = {http://link.springer.com/article/10.1007/s11356-015-5148-5},
	number = {24},
	urldate = {2016-09-15},
	journal = {Environmental Science and Pollution Research},
	author = {Stehle, Sebastian and Schulz, Ralf},
	year = {2015},
	pages = {19632--19647},
}

@article{stehle_agricultural_2015,
	title = {Agricultural insecticides threaten surface waters at the global scale},
	volume = {112},
	url = {http://www.pnas.org/lookup/doi/10.1073/pnas.1500232112},
	number = {18},
	journal = {Proceedings of the National Academy of Sciences},
	author = {Stehle, Sebastian and Schulz, Ralf},
	year = {2015},
	pages = {5750--5755},
}

@article{poisot_best_2015,
	title = {Best publishing practices to improve user confidence in scientific software},
	volume = {8},

	doi = {10.4033/iee.2015.8.8.f},
	urldate = {2015-08-17},
	journal = {Ideas in Ecology and Evolution},
	author = {Poisot, Timothee},
	year = {2015},
}

@misc{pesticide_action_network_pan_2015,
	title = {{PAN} {Pesticide} {Database}},
	url = {http://www.pesticideinfo.org/},
	urldate = {2015-11-16},
	author = {{Pesticide Action Network}},
	year = {2015}
}

@article{orlinskiy_forested_2015,
	title = {Forested headwaters mitigate pesticide effects on macroinvertebrate communities in streams: {Mechanisms} and quantification},
	volume = {524},

	journal = {Science of The Total Environment},
	author = {Orlinskiy, Polina and Münze, Ronald and Beketov, Mikhail and Gunold, Roman and Paschke, Albrecht and Knillmann, Saskia and Liess, Matthias},
	year = {2015},
	pages = {115--123},
}

@article{moschet_evaluation_2015,
	title = {Evaluation of in-situ calibration of {Chemcatcher} passive samplers for 322 micropollutants in agricultural and urban affected rivers},
	volume = {71},
	journal = {Water Research},
	author = {Moschet, Christoph and Vermeirssen, Etiënne L.M. and Singer, Heinz and Stamm, Christian and Hollender, Juliane},
	year = {2015},
	pages = {306--317},
}

@article{fernandez_effects_2015,
	title = {Effects of fungicides on decomposer communities and litter decomposition in vineyard streams},
	volume = {533},

	journal = {Science of The Total Environment},
	author = {Fernández, Diego and Voss, Katharina and Bundschuh, Mirco and Zubrod, Jochen P. and Schäfer, Ralf B.},

	year = {2015},
	pages = {40--48},

}

@techreport{bundesamt_fur_verbraucherschutz_und_lebensmittelsicherheit_absatz_2015,
	title = {Absatz an {Pflanzenschutzmitteln}  in der {Bundesrepublik} {Deutschland} - {Ergebnisse} der {Meldungen} gemäß   § 64 {Pflanzenschutzgesetz} für das {Jahr} 2014},
	author = {{Bundesamt für Verbraucherschutz und Lebensmittelsicherheit}},
	year = {2015},

}

@article{wilson_best_2014,
	title = {Best {Practices} for {Scientific} {Computing}},
	volume = {12},

	doi = {10.1371/journal.pbio.1001745},

	number = {1},
	journal = {PLoS Biology},
	author = {Wilson, Greg and Aruliah, D. A. and Brown, C. Titus and Chue Hong, Neil P. and Davis, Matt and Guy, Richard T. and Haddock, Steven H. D. and Huff, Kathryn D. and Mitchell, Ian M. and Plumbley, Mark D. and Waugh, Ben and White, Ethan P. and Wilson, Paul},
	editor = {Eisen, Jonathan A.},

	year = {2014},
	pages = {e1001745},

}

@article{waite_agricultural_2014,
	title = {Agricultural disturbance response models for invertebrate and algal metrics from streams at two spatial scales within the {US}},
	volume = {726},
	number = {1},
	journal = {Hydrobiologia},
	author = {Waite, Ian R.},
	year = {2014},
	pages = {285--303},

}

@book{statistisches_bundesamt_bodenflache_2014,
	series = {Fachserie 3 {Reihe} 5.1},
	title = {Bodenfläche nach {Art} der tatsächlichen {Nutzung}},

	urldate = {2016-07-18},
	author = {{Statistisches Bundesamt}},
	year = {2014},

}

@article{malaj_organic_2014,
	title = {Organic chemicals jeopardize the health of freshwater ecosystems on the continental scale},
	volume = {111},

	url = {http://www.pnas.org/content/early/2014/06/11/1321082111},
	doi = {10.1073/pnas.1321082111},

	number = {26},
	urldate = {2014-06-16},
	journal = {Proceedings of the National Academy of Sciences},
	author = {Malaj, Egina and Ohe, Peter C. von der and Grote, Matthias and Kühne, Ralph and Mondy, Cédric P. and Usseglio-Polatera, Philippe and Brack, Werner and Schäfer, Ralf B.},

	year = {2014},
	pages = {9549--9554},

}

@article{knabel_fungicide_2014,
	title = {Fungicide {Field} {Concentrations} {Exceed} {FOCUS} {Surface} {Water} {Predictions}: {Urgent} {Need} of {Model} {Improvement}},
	volume = {48},


	url = {http://pubs.acs.org/doi/abs/10.1021/es4048329},
	doi = {10.1021/es4048329},

	number = {1},
	urldate = {2015-06-18},
	journal = {Environmental Science \& Technology},
	author = {Knäbel, Anja and Meyer, Karsten and Rapp, Jörg and Schulz, Ralf},
	year = {2014},
	pages = {455--463},

}

@article{fernandez_calibration_2014,
	title = {Calibration and field application of passive sampling for episodic exposure to polar organic pesticides in streams},
	volume = {194},

	doi = {10.1016/j.envpol.2014.08.001},

	journal = {Environmental Pollution},
	author = {Fernández, Diego and Vermeirssen, Etiënne L.M. and Bandow, Nicole and Muñoz, Katherine and Schäfer, Ralf B.},
	year = {2014},
	pages = {196--202},

}

@techreport{biggs_report_2014,
	title = {Report of the {Workshop} on the {Protection} and {Management} of {Small} {Water} {Bodies}},
	institution = {Brussels. The European Environmental Bureau (EEB) and the Freshwater Habitats Trust},
	author = {Biggs, J. and Nicolet, P. and Mlinaric, M. and Lalanne, T.},
	year = {2014},
	note = {Brussels. The European Environmental Bureau (EEB) and the Freshwater Habitats Trust},
}

@article{stehle_probabilistic_2013,
	title = {Probabilistic risk assessment of insecticide concentrations in agricultural surface waters: a critical appraisal},
	volume = {185},


	url = {http://link.springer.com/10.1007/s10661-012-3026-x},
	doi = {10.1007/s10661-012-3026-x},

	number = {8},
	urldate = {2016-08-19},
	journal = {Environmental Monitoring and Assessment},
	author = {Stehle, Sebastian and Knäbel, Anja and Schulz, Ralf},
	year = {2013},
	pages = {6295--6310},

}

@article{schafer_how_2013,
	title = {How to {Characterize} {Chemical} {Exposure} to {Predict} {Ecologic} {Effects} on {Aquatic} {Communities}?},
	volume = {47},

	url = {http://dx.doi.org/10.1021/es4014954},
	doi = {10.1021/es4014954},
	number = {14},
	urldate = {2015-11-29},
	journal = {Environmental Science \& Technology},
	author = {Schäfer, Ralf B. and Gerner, Nadine and Kefford, Ben J. and Rasmussen, Jes J. and Beketov, Mikhail A. and de Zwart, Dick and Liess, Matthias and von der Ohe, Peter C.},

	year = {2013},
	pages = {7996--8004},

}

@article{rauthe_central_2013,
	title = {A {Central} {European} precipitation climatology – {Part} {I}: {Generation} and validation of a high-resolution gridded daily data set ({HYRAS})},
	volume = {22},


	doi = {10.1127/0941-2948/2013/0436},

	number = {3},
	journal = {Meteorologische Zeitschrift},
	author = {Rauthe, Monika and Steiner, Heiko and Riediger, Ulf and Mazurkiewicz, Alex and Gratzki, Annegret},

	year = {2013},
	pages = {235--256},

}

@article{mondy_using_2013,
	title = {Using conditional tree forests and life history traits to assess specific risks of stream degradation under multiple pressure scenario},
	volume = {461},
	url = {http://www.sciencedirect.com/science/article/pii/S0048969713006153},
	urldate = {2015-11-27},
	journal = {Science of the Total Environment},
	author = {Mondy, Cédric P. and Usseglio-Polatera, Philippe},
	year = {2013},
	pages = {750--760},

}

@article{feld_response_2013,
	title = {Response of three lotic assemblages to riparian and catchment-scale land use: implications for designing catchment monitoring programmes: \textit{{Response} of three lotic assemblages to land use}},
	volume = {58},


	doi = {10.1111/fwb.12077},

	number = {4},
	urldate = {2015-12-02},
	journal = {Freshwater Biology},
	author = {Feld, Christian K.},

	year = {2013},
	pages = {715--729},

}

@misc{european_union_directive_2013,
	title = {{DIRECTIVE} 2013/39/{EU} {OF} {THE} {EUROPEAN} {PARLIAMENT} {AND} {OF} {THE} {COUNCIL}  of 12 {August} 2013  amending {Directives} 2000/60/{EC} and 2008/105/{EC} as regards priority substances in the field of water policy},
	author = {{European Union}},
	year = {2013},

}

@misc{eea_digital_2013,
	title = {Digital {Elevation} {Model} over {Europe} ({EU}-{DEM})},
	url = {http://www.eea.europa.eu/data-and-maps/data/eu-dem#tab-metadata},
	urldate = {2015-11-13},
	author = {{EEA}},
	year = {2013}
}

@article{schafer_thresholds_2012,
	title = {Thresholds for the effects of pesticides on invertebrate communities and leaf breakdown in stream ecosystems},
	volume = {46},
	number = {9},
	journal = {Environmental Science \& Technology},
	author = {Schäfer, Ralf Bernhard and Ohe, Peter von der and Rasmussen, Jes and Kefford, John Ben and Beketov, Mikhail and Schulz, Ralf and Liess, Matthias},
	year = {2012},

	pages = {5134--5142},

}

@article{neteler_grass_2012,
	title = {{GRASS} {GIS}: {A} multi-purpose open source {GIS}},
	volume = {31},

	journal = {Environmental Modelling \& Software},
	author = {Neteler, Markus and Bowman, M. Hamish and Landa, Martin and Metz, Markus},
	year = {2012},
	pages = {124--130},

}

@article{wood_fast_2011,
	title = {Fast stable restricted maximum likelihood and marginal likelihood estimation of semiparametric generalized linear models},
	volume = {73},
	number = {1},
	journal = {Journal of the Royal Statistical Society: Series B (Statistical Methodology)},
	author = {Wood, Simon N.},
	year = {2011},
	pages = {3--36},

}

@article{schuurmann_quantitative_2011,
	title = {Quantitative read-across for predicting the acute fish toxicity of organic compounds},
	volume = {45},
	url = {http://pubs.acs.org/doi/abs/10.1021/es200361r},
	number = {10},
	urldate = {2013-08-01},
	journal = {Environmental Science \& Technology},
	author = {Schüürmann, Gerrit and Ebert, Ralf-Uwe and Kühne, Ralph},
	year = {2011},
	pages = {4616--4622},

}

@misc{ogewv_verordnung_2011,
	title = {Verordnung zum {Schutz} der {Oberflächengewässer} ({Oberflächengewässerverordnung})},
	author = {{OGewV}},
	year = {2011},
	note = {BGBl. I S. 1429},

}

@article{munz_pestizidmessungen_2011,
	title = {Pestizidmessungen in {Fliessgewässern} - schweiz\-weite {Auswertung}},
	volume = {11},
	journal = {Aqua \& Gas},
	author = {Munz, Nicole and Leu, Christian},
	year = {2011},
	pages = {32--41},

}

@article{harrison_getting_2011,
	title = {Getting started with meta-analysis},
	volume = {2},

	number = {1},
	journal = {Methods in Ecology and Evolution},
	author = {Harrison, Freya},
	year = {2011},
	pages = {1--10},

}

@article{wittmer_significance_2010,
	title = {Significance of urban and agricultural land use for biocide and pesticide dynamics in surface waters},
	volume = {44},

	number = {9},
	journal = {Water Research},
	author = {Wittmer, I. K. and Bader, H. P. and Scheidegger, R. and Singer, H. and Luck, A. and Hanke, I. and Carlsson, C. and Stamm, C.},
	year = {2010},
	pages = {2850--2862},

}

@book{brock_linking_2010,
	address = {Boca Raton},
	title = {Linking aquatic exposure and effects: risk assessment of pesticides: {EU} and {SETAC} {Europe} workshop {ELINK}, {Bari}, {Italy}, and {Wageningen}, {Netherlands}},
	isbn = {978-1-4398-1347-8},

	publisher = {CRC Press},
	editor = {Brock, Theo C. M. and Alix, Anne and Brown, Colin D. and Capri, Ettore and Gottesbüren, Bernhard E.F. and Heimbach, Fred and Lythgo, Chris M. and Schulz, Ralf and Streloke, Martin},
	year = {2010},

}

@article{vijver_spatial_2008,
	title = {Spatial and temporal analysis of pesticides concentrations in surface water: {Pesticides} atlas},
	volume = {43},


	doi = {10.1080/03601230802388728},

	number = {8},
	journal = {Journal of Environmental Science and Health, Part B},
	author = {Vijver, Martina G. and Van 'T Zelfde, Maarten and Tamis, Wil L.M. and Musters, Kees J.M. and De Snoo, Geert R.},

	year = {2008},
	pages = {665--674},

}

@book{quevauviller_water_2008,
	title = {The {Water} {Framework} {Directive}: {Ecological} and {Chemical} {Status} {Monitoring}},
	isbn = {978-0-470-71608-3},
	publisher = {John Wiley \& Sons},
	author = {Quevauviller, Philippe and Borchers, Ulrich and Thompson, Clive and Simonart, Tristan},
	year = {2008}
}

@article{davies_comparison_2008,
	title = {A comparison of the catchment sizes of rivers, streams, ponds, ditches and lakes: implications for protecting aquatic biodiversity in an agricultural landscape},
	volume = {597},
	doi = {10.1007/s10750-007-9227-6},
	number = {1},
	journal = {Hydrobiologia},
	author = {Davies, B. R. and Biggs, J. and Williams, P. J. and Lee, J. T. and Thompson, S.},
	year = {2008},
	pages = {7--17},
}

@article{davies_comparative_2008,
	title = {Comparative biodiversity of aquatic habitats in the {European} agricultural landscape},
	volume = {125},
	url = {http://linkinghub.elsevier.com/retrieve/pii/S0167880907002563},
	doi = {10.1016/j.agee.2007.10.006},
	number = {1-4},
	urldate = {2016-06-12},
	journal = {Agriculture, Ecosystems \& Environment},
	author = {Davies, Bella and Biggs, Jeremy and Williams, Penny and Whitfield, Mericia and Nicolet, Pascale and Sear, David and Bray, Simon and Maund, Steve},
	year = {2008},
	pages = {1--8}
}

@article{stasinopoulos_generalized_2007,
	title = {Generalized additive models for location scale and shape ({GAMLSS}) in {R}},
	volume = {23},
	number = {7},
	urldate = {2015-11-25},
	journal = {Journal of Statistical Software},
	author = {Stasinopoulos, D. Mikis and Rigby, Robert A.},
	year = {2007},
	pages = {1--46}
}

@article{schafer_effects_2007,
	title = {Effects of pesticides on community structure and ecosystem functions in agricultural streams of three biogeographical regions in {Europe}},
	volume = {382},
	number = {2-3},
	journal = {Science of the Total Environment},
	author = {Schäfer, R. B. and Caquet, T. and Siimes, K. and Mueller, R. and Lagadic, L. and Liess, M.},
	year = {2007},
	pages = {272--285},
}

@article{nadeau_hydrological_2007,
	title = {Hydrological {Connectivity} {Between} {Headwater} {Streams} and {Downstream} {Waters}: {How} {Science} {Can} {Inform} {Policy}1: {Hydrological} {Connectivity} {Between} {Headwater} {Streams} and {Downstream} {Waters}: {How} {Science} {Can} {Inform} {Policy}},
	volume = {43},


	number = {1},
	journal = {JAWRA Journal of the American Water Resources Association},
	author = {Nadeau, Tracie-Lynn and Rains, Mark Cable},
	year = {2007},
	pages = {118--133}
}

@book{wood_generalized_2006,
	address = {Boca Raton and Fla},
	series = {Texts in statistical science},
	title = {Generalized additive models: {An} introduction with {R}},
	isbn = {1-58488-474-6},
	publisher = {Chapman \& Hall/CRC},
	author = {Wood, Simon N.},
	year = {2006}
}

@article{helsel_fabricating_2006,
	title = {Fabricating data: how substituting values for nondetects can ruin results, and what can be done about it},
	volume = {65},
	number = {11},
	journal = {Chemosphere},
	author = {Helsel, Dennis R.},
	year = {2006},
	pages = {2434--2439}
}

@article{rigby_generalized_2005,
	title = {Generalized additive models for location, scale and shape},
	volume = {54},
	journal = {Applied Statistics},
	author = {Rigby, R. A. and Stasinopoulos, D. M.},
	year = {2005},
	pages = {507--554}
}

@article{liess_analyzing_2005,
	title = {Analyzing effects of pesticides on invertebrate communities in streams},
	volume = {24},
	number = {4},
	journal = {Environmental Toxicology and Chemistry},
	author = {Liess, M. and von der Ohe, P C},
	year = {2005},
	pages = {954--965}
}

@article{schulz_field_2004,
	title = {Field {Studies} on {Exposure}, {Effects}, and {Risk} {Mitigation} of {Aquatic} {Nonpoint}-{Source} {Insecticide} {Pollution}: {A} {Review}},
	volume = {33},
	number = {2},
	journal = {Journal of Environmental Quality},
	author = {Schulz, Ralf},
	year = {2004},
	pages = {419--448}
}

@article{wood_thin_2003,
	title = {Thin {Plate} {Regression} {Splines}},
	volume = {65},
	number = {1},
	urldate = {2016-07-29},
	journal = {Journal of the Royal Statistical Society. Series B (Statistical Methodology)},
	author = {Wood, Simon N.},
	year = {2003},
	pages = {95--114},
}

@article{schulz_comparison_2001,
	title = {Comparison of spray drift-and runoff-related input of azin\-phos-methyl and endosulfan from fruit orchards into the {Lourens} {River}, {South} {Africa}},
	volume = {45},
	number = {4},
	urldate = {2016-07-18},
	journal = {Chemosphere},
	author = {Schulz, Ralf},
	year = {2001},
	pages = {543--551}
}

@article{fewster_analysis_2000,
	title = {Analysis of population trends for farmland birds using generalized additive models},
	volume = {81},
	number = {7},
	journal = {Ecology},
	author = {Fewster, Rachel M. and Buckland, Stephen T. and Siriwardena, Gavin M. and Baillie, Stephen R. and Wilson, Jeremy D.},
	year = {2000},
	pages = {1970--1984}
}

@article{liess_determination_1999,
	title = {Determination of insecticide contamination in agricultural headwater streams},
	volume = {33},
	number = {1},
	journal = {Water Research},
	author = {Liess, M. and Schulz, R. and Liess, M.H.-D. and Rother, B. and Kreuzig, R.},
	year = {1999},
	pages = {239--247}
}

@article{holmgren_multiple_1994,
	title = {Multiple flow direction algorithms for runoff modelling in grid based elevation models: {An} empirical evaluation},
	volume = {8},

	doi = {10.1002/hyp.3360080405},
	number = {4},
	journal = {Hydrological Processes},
	author = {Holmgren, Peter},
	year = {1994},
	pages = {327--334}
}

@article{sprague_measurement_1970,
	title = {Measurement of pollutant toxicity to fish, {II}-{Utilizing} and applying bioassay results},
	volume = {4},
	number = {1},
	journal = {Water Research},
	author = {Sprague, J.B.},
	year = {1970},
	pages = {3--32}
}

@article{Viechtbauer_2010,
    title = {Conducting meta-analyses in {R} with the {metafor} package},
    author = {Wolfgang Viechtbauer},
    journal = {Journal of Statistical Software},
    year = {2010},
    volume = {36},
    number = {3},
    pages = {1--48},
  }

@article{rousseeuw1987silhouettes,
  title={Silhouettes: a graphical aid to the interpretation and validation of cluster analysis},
  author={Rousseeuw, Peter J},
  journal={Journal of computational and applied mathematics},
  volume={20},
  pages={53--65},
  year={1987},
}

@article{stone2014pesticides,
  title={Pesticides in US streams and rivers: occurrence and trends during 1992--2011},
  author={Stone, Wesley W and Gilliom, Robert J and Ryberg, Karen R},
  journal={Environmental science \& technology},
  volume={48},
  number={19},
  pages={11025--11030},
  year={2014}
}

@article{hutchinson1998analysis,
  title={Analysis of the ecetoc aquatic toxicity (EAT) database III—comparative toxicity of chemical substances to different life stages of aquatic organisms},
  author={Hutchinson, Thomas H and Solbe, John and Kloepper-Sams, Pamela J},
  journal={Chemosphere},
  volume={36},
  number={1},
  pages={129--142},
  year={1998}
}

@article{ashauer2016modelling,
  title={Modelling survival: exposure pattern, species sensitivity and uncertainty},
  author={Ashauer, Roman and Albert, Carlo and Augustine, Starrlight and Cedergreen, Nina and Charles, Sandrine and Ducrot, Virginie and Focks, Andreas and Gabsi, Faten and Gergs, Andr{\'e} and Goussen, Benoit and Jager, Tjalling and Nyman, Anna-Maija and Poulsen, Veronique and Reichenberger, Stefan and Schäfer, Ralf B and Van den Brink, Paul J and Veltman, Karin and Vogel, Sören and Zimmer, Elke I and Preuss, Thomas G},
  journal={Scientific Reports},
  volume={6},
  pages={29178},
  year={2016}
}

@article{abell2008freshwater,
	author = {Abell, Robin and Thieme, Michele L. and Revenga, Carmen and Bryer, Mark and Kottelat, Maurice and Bogutskaya, Nina and Coad, Brian and Mandrak, Nick and Balderas, Salvador Contreras and Bussing, William and Stiassny, Melanie L. J. and Skelton, Paul and Allen, Gerald R. and Unmack, Peter and Naseka, Alexander and Ng, Rebecca and Sindorf, Nikolai and Robertson, James and Armijo, Eric and Higgins, Jonathan V. and Heibel, Thomas J. and Wikramanayake, Eric and Olson, David and López, Hugo L. and Reis, Roberto E. and Lundberg, John G. and Sabaj Pérez, Mark H. and Petry, Paulo}, 
	title = {Freshwater Ecoregions of the World: A New Map of Biogeographic Units for Freshwater Biodiversity Conservation},
	volume = {58}, 
	number = {5}, 
	pages = {403-414}, 
	year = {2008}, 
	doi = {10.1641/B580507}, 
	journal = {BioScience} 
  }

@article{illies1978limnofauna,
  title={Limnofauna Europaea},
  author={Illies, Joachim},
  year={1978},
  publisher={Fischer; Swets \& Zeitlinger},
  adress={Stuttgart \& Amsterdam}
}

@article{morrissey2015neonicotinoid,
  title={Neonicotinoid contamination of global surface waters and associated risk to aquatic invertebrates: A review},
  author={Morrissey, Christy A and Mineau, Pierre and Devries, James H and Sanchez-Bayo, Francisco and Liess, Matthias and Cavallaro, Michael C and Liber, Karsten},
  journal={Environment International},
  volume={74},
  pages={291--303},
  year={2015}
}

@article{pisa2015effects,
author="Pisa, L. W.
and Amaral-Rogers, V.
and Belzunces, L. P.
and Bonmatin, J. M.
and Downs, C. A.
and Goulson, D.
and Kreutzweiser, D. P.
and Krupke, C.
and Liess, M.
and McField, M.
and Morrissey, C. A.
and Noome, D. A.
and Settele, J.
and Simon-Delso, N.
and Stark, J. D.
and Van der Sluijs, J. P.
and Van Dyck, H.
and Wiemers, M.",
title="Effects of neonicotinoids and fipronil on non-target invertebrates",
journal="Environmental Science and Pollution Research",
year="2015",
volume="22",
number="1",
pages="68--102",
doi="10.1007/s11356-014-3471-x",
}

 @article{European_Union_2009, 
 title={Directive 2009/128/EC of the European Parliament and of the Council of 21 October 2009 establishing a framework for Community action to achieve the sustainable use of pesticides}, 
 journal={OJ L}, 
 volume={309},
 author={{European Union}}, 
 year={2009}, 
 pages={71–86}
 }

 @article{Xing_Chow_Rees_Meng_Li_Ernst_Benoy_Zha_Hewitt_2013, 
 title={Influences of Sampling Methodologies on Pesticide-Residue Detection in Stream Water}, volume={64}, number={2}, journal={Archives of Environmental Contamination and Toxicology}, author={Xing, Zisheng and Chow, Lien and Rees, Herb and Meng, Fanrui and Li, Sheng and Ernst, Bill and Benoy, Glenn and Zha, Tianshan and Hewitt, L. Mark}, year={2013}, month={Feb}, pages={208–218}}
