@book{wickham_advanced_2015,
	series = {The \proglang{R} Series},
	title = {Advanced \proglang{R}},
	isbn = {978-1-4665-8696-3},
	publisher = {CRC Press},
	author = {Wickham, Hadley},
	year = {2015}
}

@article{ooms_jsonlite_2014,
	title = {The \pkg{jsonlite} Package: A Practical and Consistent Mapping Between JSON Data and \proglang{R} Objects},
	url = {http://arxiv.org/abs/1403.2805},
	journal = {arXiv preprint},
	author = {Ooms, Jeroen},
	year = {2014}
}

@book{wickham_stringr:_2015,
	title = {\pkg{stringr}: Simple, Consistent Wrappers for Common String Operations},
	url = {http://CRAN.R-project.org/package=stringr},
	author = {Wickham, Hadley},
	year = {2015},
	note = {\proglang{R} package version 1.0.0}
}

@book{lang_rcurl:_2015,
	title = {\pkg{RCurl}: General Network (HTTP/FTP/...) Client Interface for \proglang{R}},
	url = {http://CRAN.R-project.org/package=RCurl},
	author = {Lang, Duncan Temple and team, the CRAN},
	year = {2016},
	note = {\proglang{R} package version 1.95-4.8}
}

@article{wickham_testthat:_2011,
	title = {\pkg{testthat}: Get Started with Testing},
	volume = {3},
	url = {http://journal.r-project.org/archive/2011-1/RJournal_2011-1_Wickham.pdf},
	journal = {The \proglang{R} Journal},
	author = {Wickham, Hadley},
	year = {2011},
	pages = {5--10}
}

@book{wickham_roxygen2:_2015,
	title = {\pkg{roxygen2}: In-Source Documentation for \proglang{R}},
	url = {http://CRAN.R-project.org/package=roxygen2},
	author = {Wickham, Hadley and Danenberg, Peter and Eugster, Manuel},
	year = {2015},
	note = {\proglang{R} package version 5.0.1}
}

@Manual{wickham_httr,
    title = {\pkg{httr}: Tools for Working with URLs and HTTP},
    author = {Hadley Wickham},
    year = {2016},
    note = {\proglang{R} package version 1.1.0},
    url = {https://CRAN.R-project.org/package=httr}
  }

@Manual{wickham_xml2,
	title = {\pkg{xml2}: Parse XML},
	author = {Hadley Wickham},
	year = {2015},
	note = {\proglang{R} package version 0.1.2},
	url = {https://CRAN.R-project.org/package=xml2}
}

@Manual{wickham_rvest,
    title = {\pkg{rvest}: Easily Harvest (Scrape) Web Pages},
    author = {Hadley Wickham},
    year = {2015},
    note = {\proglang{R} package version 0.3.1},
    url = {https://CRAN.R-project.org/package=rvest}
  }

  @Article{guha_rcdk,
    author = {Rajarshi Guha},
    journal = {Journal of Statistical Software},
    number = {5},
    pages = {1--16},
    title = {Chemical Informatics Functionality in \proglang{R}},
    volume = {18},
    year = {2007}
  }

 @article{Chamberlain_Szocs_2013, 
   title={\pkg{taxize}: Taxonomic Search and Retrieval in \proglang{R}}, 
   volume={2}, 
   url={http://f1000research.com/articles/2-191/v2}, 
   number={191}, 
   journal={F1000Research}, 
   author={Chamberlain, Scott A. and Szöcs, Eduard}, 
   year={2013}
 }

@article{pence_chemspider:_2010,
	title = {ChemSpider: An Online Chemical Information Resource},
	volume = {87},
	doi = {10.1021/ed100697w},
	number = {11},
	journal = {Journal of Chemical Education},
	author = {Pence, Harry E. and Williams, Antony},
	year = {2010},
	pages = {1123--1124}
}

@article{bolton_pubchem:_2008,
	title = {PubChem: Integrated Platform of Small Molecules and Biological Activities},
	volume = {4},
	journal = {Annual reports in computational chemistry},
	author = {Bolton, Evan E. and Wang, Yanli and Thiessen, Paul A. and Bryant, Stephen H.},
	year = {2008},
	pages = {217--241}
}

@article{poisot_best_2015,
	title = {Best Publishing Practices to Improve User Confidence in Scientific Software},
	volume = {8},
	doi = {10.4033/iee.2015.8.8.f},
	journal = {Ideas in Ecology and Evolution},
	author = {Poisot, Timothee},
	year = {2015}
}

@article{wilson_best_2014,
	title = {Best Practices for Scientific Computing},
	volume = {12},
	doi = {10.1371/journal.pbio.1001745},
	number = {1},
	journal = {PLoS Biology},
	author = {Wilson, Greg and Aruliah, D. A. and Brown, C. Titus and Chue Hong, Neil P. and Davis, Matt and Guy, Richard T. and Haddock, Steven H. D. and Huff, Kathryn D. and Mitchell, Ian M. and Plumbley, Mark D. and Waugh, Ben and White, Ethan P. and Wilson, Paul},
	year = {2014},
	pages = {e1001745}
}

@Manual{cir,
  author = {NIH},
  year = {2016}, 
  title = {NIH Chemical Identifier Resolver},
  url = {http://cactus.nci.nih.gov/chemical/structure}
}

@article{Wohlgemuth_Haldiya_Willighagen_Kind_Fiehn_2010, 
  title={The Chemical Translation Service -- a Web-Based Tool to Improve Standardization of Metabolomic Reports}, 
  volume={26}, 
  DOI={10.1093/bioinformatics/btq476}, 
  number={20}, 
  journal={Bioinformatics}, 
  author={Wohlgemuth, G. and Haldiya, P. K. and Willighagen, E. and Kind, T. and Fiehn, O.}, 
  year={2010}, 
  pages={2647–2648},
  url = {http://cts.fiehnlab.ucdavis.edu/}
}

@misc{etox,
  author = {UBA},
  year = {2016}, 
  title = {ETOX: Information System Ecotoxicology and Environmental Quality Targets},
  url = {https://webetox.uba.de/webETOX/index.do}
}

@misc{pan,
  author = {PAN},
  year = {2016}, 
  title = {Pesticide Action Network (PAN) Pesticide Database},
  url = {http://www.pesticideinfo.org/}
}

@misc{physprop,
  author = {Howard, P. H. and William Meylan},
  year = {2016}, 
  title = {Physical/Chemical Property Database (PHYSPROP)},
  url = {http://www.srcinc.com/what-we-do/environmental/scientific-databases.html#physprop}
}

@article{Wang_Xiao_Suzek_Zhang_Wang_Bryant_2009, 
 title={PubChem: A Public Information System for Analyzing Bioactivities of Small Molecules}, 
 volume={37}, 
 DOI={10.1093/nar/gkp456}, 
 journal={Nucleic Acids Research}, 
 author={Wang, Y. and Xiao, J. and Suzek, T. O. and Zhang, J. and Wang, J. and Bryant, S. H.}, 
 year={2009},  
 pages={W623–W633},
 url = {https://pubchem.ncbi.nlm.nih.gov/}
 }

@misc{wiki,
  author = {Wikipedia},
  year = {2016}, 
  title = {WikiProject Chemistry},
  url = {https://www.wikidata.org/wiki/Wikidata:WikiProject_Chemistry}
}

@article{Ertl_Patiny_Sander_Rufener_Zasso_2015, 
  title={Wikipedia Chemical Structure Explorer: Substructure and Similarity Searching of Molecules from Wikipedia}, 
  volume={7},
  DOI={10.1186/s13321-015-0061-y}, 
  number={1}, 
  journal={Journal of Cheminformatics}, 
  author={Ertl, Peter and Patiny, Luc and Sander, Thomas and Rufener, Christian and Zasso, Michaël}, 
  year={2015}
}

@misc{wood,
  author = {Wood, Alan},
  year = {2016}, 
  title = {Compendium of Pesticide Common Names},
  url = {http://www. alanwood. net/pesticides/index}
}

@article{Tomasulo_2002,
  title={ChemIDplus - Super Source for Chemical and Drug Information}, 
  volume={21}, 
  DOI={10.1300/J115v21n01_04}, 
  number={1}, 
  journal={Medical Reference Services Quarterly}, 
  author={Tomasulo, Patricia}, 
  year={2002},
  pages={53–59}
}

@book{Chapman_2005, 
  title={Principles and Methods of Data Cleaning}, 
  ISBN={978-87-92020-04-8},
  publisher={GBIF}, 
  author={Chapman, Arthur}, 
  series={Report for the Global Biodiversity Information Facility, Copenhagen},
  url = {http://www.gbif.org/orc/?doc_id=1262},
  year={2005}
}

@article{Peng_2009, 
  title={Reproducible Research and Biostatistics}, 
  volume={10}, 
  DOI={10.1093/biostatistics/kxp014}, 
  number={3}, 
  journal={Biostatistics},
  author={Peng, Roger D.}, 
  year={2009}, 
  pages={405–408}
}

@book{Wehrens_2011, 
  title={Chemometrics with \proglang{R}: Multivariate Data Analysis in the Natural Sciences and Life Sciences}, 
  ISBN={3-642-17840-5},
  publisher={Springer}, 
  author={Wehrens, Ron}, 
  year={2011}
}

@Manual{r_2015,
    title = {\proglang{R}: A Language and Environment for Statistical Computing},
    author = {{R Core Team}},
    organization = {\proglang{R} Foundation for Statistical Computing},
    address = {Vienna, Austria},
    year = {2016},
    url = {https://www.R-project.org/},
  }

@article{Marwick_2016,
  title={Computational Reproducibility in Archaeological Research: Basic Principles and a Case Study of Their Implementation},
  author={Marwick, Ben},
  journal={Journal of Archaeological Method and Theory},
  pages={1--27},
  year={2016},
  publisher={Springer}
}

@article{Kim_2016, 
  title={PubChem Substance and Compound Databases}, 
  volume={44}, 
  number={D1},
  journal={Nucleic Acids Research},
  author={Kim, Sunghwan and Thiessen, Paul A. and Bolton, Evan E. and Chen, Jie and Fu, Gang and Gindulyte, Asta and Han, Lianyi and He, Jane and He, Siqian and Shoemaker, Benjamin A. and et al.}, 
  year={2016}, 
  pages={D1202–D1213}
 }

@Manual{rpubchem_2014,
  title = {\pkg{rpubchem}: Interface to the PubChem Collection},
  author = {Rajarshi Guha},
  year = {2014},
  note = {\proglang{R} package version 1.5.0.2},
  url = {https://CRAN.R-project.org/package=rpubchem},
}

@Article{chemminer_2008,
  author = {Cao and Y and Charisi and A and Cheng and L C and Jiang and T and Girke and T},
  title = {\pkg{ChemmineR}: A Compound Mining Framework for \proglang{R}},
  journal = {Bioinformatics},
  year = {2008},
  volume = {24},
  number = {15},
  pages = {1733-1734}
}

@Manual{wikidatar_2016,
  title = {\pkg{WikidataR}: API Client Library for Wikidata},
  author = {Oliver Keyes and Christian Graul},
  year = {2016},
  note = {\proglang{R} package version 1.0.1},
  url = {https://CRAN.R-project.org/package=WikidataR}
}

@Misc{cirpy,
  author = {Matt Swain},
  title = {\pkg{CIRpy}},
  year = {2016},
  publisher = {GitHub},
  journal = {GitHub repository},
  url = {https://github.com/mcs07/CIRpy}
}

@Misc{chemspipy,
  author = {Matt Swain},
  title = {\pkg{ChemSpiPy}},
  year = {2015},
  publisher = {GitHub},
  journal = {GitHub repository},
  url = {https://github.com/mcs07/ChemSpiPy}
}

@Misc{pubchempy,
  author = {Matt Swain},
  title = {\pkg{PubChemPy}},
  year = {2015},
  publisher = {GitHub},
  journal = {GitHub repository},
  url = {https://github.com/mcs07/PubChemPy}
}

@misc{lubw_2016,
  shortauthor = {LUBW},
  author = {{LUBW - Landesanstalt für Umwelt, Messungen und Naturschutz Baden-Württemberg}},
  title = {Jahresdatenkatalog Fließgewässer 2013},
  year = {2016},
  url = {http://jdkfg.lubw.baden-wuerttemberg.de/servlet/is/300/}
}

@article{Grabner_Varmuza_Dehmer_2012, 
  title={\pkg{RMol}: A Toolset for Transforming SD/Molfile Structure Information into \proglang{R} Objects}, 
  volume={7}, 
  DOI={10.1186/1751-0473-7-12}, 
  journal={Source Code for Biology and Medicine}, 
  author={Grabner, Martin and Varmuza, Kurt and Dehmer, Matthias}, 
  year={2012}, 
  pages={12}
}

@misc{epa_2016,
  author = {{U.S. EPA}},
  title = {ECOTOX database},
  year = {2016},
  url = {http://cfpub.epa.gov/ecotox/}
}

@article{Gewin_2016, 
  title={Data sharing: An Open Mind on Open Data}, 
  volume={529}, 
  DOI={10.1038/nj7584-117a}, 
  number={7584}, 
  journal={Nature}, 
  author={Gewin, Virginia}, 
  year={2016},
  pages={117–119}
}

@article{Reichman_Jones_Schildhauer_2011, 
  title={Challenges and Opportunities of Open Data in Ecology}, 
  volume={331},
  number={6018}, 
  journal={Science}, 
  author={Reichman, O. J. and Jones, M. B. and Schildhauer, M. P.},
  year={2011}, 
  pages={703–5}
}

@article{Kim_Thiessen_Bolton_Bryant_2015, 
  title={PUG-SOAP and PUG-REST: Web Services for Programmatic Access to Chemical Information in PubChem}, 
  volume={43}, 
  DOI={10.1093/nar/gkv396}, 
  number={W1}, 
  journal={Nucleic Acids Research}, 
  author={Kim, Sunghwan and Thiessen, Paul A. and Bolton, Evan E. and Bryant, Stephen H.}, 
  year={2015}, 
  pages={W605–W611}
}

@article{Weininger_1990, 
  title={SMILES. 3. DEPICT. Graphical Depiction of Chemical Structures}, 
  volume={30}, 
  number={3}, 
  journal={Journal of Chemical Information and Computer Sciences}, 
  author={Weininger, David}, 
  year={1990}, 
  pages={237–243}
}

@article{Heller_McNaught_Pletnev_Stein_Tchekhovskoi_2015, 
  title={InChI, the IUPAC International Chemical Identifier}, 
  volume={7},
  DOI={10.1186/s13321-015-0068-4}, 
  number={1}, 
  journal={Journal of Cheminformatics}, 
  author={Heller, Stephen R and McNaught, Alan and Pletnev, Igor and Stein, Stephen and Tchekhovskoi, Dmitrii}, 
  year={2015}
}

@article{Lowe_Corbett_Murray-Rust_Glen_2011, 
  title={Chemical Name to Structure: OPSIN, an Open Source Solution}, 
  volume={51}, 
  DOI={10.1021/ci100384d}, 
  number={3}, journal={Journal of Chemical Information and Modeling},
  author={Lowe, Daniel M. and Corbett, Peter T. and Murray-Rust, Peter and Glen, Robert C.}, 
  year={2011},  
  pages={739–753},
  url = {http://opsin.ch.cam.ac.uk/instructions.html}
}

@article{Boyle_Guha_2011, 
  title={Open Data, Open Source and Open Standards in Chemistry: The Blue Obelisk Five Years On.}, 
  volume={3}, 
  journal={Journal of Cheminformatics}, 
  author={O’Boyle, Noel M. and Guha, Rajarshi and Willighagen, Egon L. and Adams, Sam E. and Alvarsson, Jonathan and Bradley, Jean-Claude and Filippov, Igor V. and Hanson, Robert M. and Hanwell, Marcus D. and Hutchison, Geoffrey R. and et al.}, 
  year={2011}, 
  pages={37}
}

@article{Munch_Galizia_2016, 
  title={DoOR 2.0 - Comprehensive Mapping of Drosophila Melanogaster Odorant Responses}, 
  volume={6}, 
  DOI={10.1038/srep21841}, 
  journal={Scientific Reports}, 
  author={Münch, Daniel and Galizia, C. Giovanni}, 
  year={2016}, 
  pages={21841}
}

@Book{ggplot2,
  author = {Hadley Wickham},
  title = {\pkg{ggplot2}: Elegant Graphics for Data Analysis},
  publisher = {Springer-Verlag},
  year = {2009},
  isbn = {978-0-387-98140-6},
  url = {http://had.co.nz/ggplot2/book},
}
  
@article{Stieger_2014, 
  title={Assessing the Persistence, Bioaccumulation Potential and Toxicity of Brominated Flame Retardants: Data Availability and Quality for 36 Alternative Brominated Flame Retardants}, 
  volume={116}, 
  DOI={10.1016/j.chemosphere.2014.01.083}, 
  journal={Chemosphere}, 
  author={Stieger, Greta and Scheringer, Martin and Ng, Carla A. and Hungerbühler, Konrad}, 
  year={2014}, 
  pages={118–123}
}

@article{boettiger2015building,
  title={Building Software, Building Community: Lessons from the ROpenSci Project},
  author={Boettiger, Carl and Chamberlain, Scott and Hart, Edmund and Ram, Karthik},
  journal={Journal of Open Research Software},
  volume={3},
  number={1},
  year={2015},
  publisher={Ubiquity Press}
}

@Misc{zenodo,
  title = {\pkg{webchem}: Retrieve Chemical Information from the Web},
  author = {Zenodo},
  year = {2016},
  url = {http://dx.doi.org/10.5281/zenodo.33823},
}

@Misc{github,
  title = {\pkg{webchem}: Retrieve Chemical Information from the Web},
  author = {GitHub},
  year = {2016},
  url = {https://github.com/ropensci/webchem},
}


@Misc{cran,
  title = {\pkg{webchem}: Retrieve Chemical Information from the Web},
  author = {CRAN},
  year = {2016},
  url = {https://CRAN.R-project.org/package=webchem},
}

@Misc{travis-ci,
  author = {Travis-CI},
  year = {2016},
  url = {https://travis-ci.org/},
}

@Misc{appveyor,
  author = {AppVeyor},
  year = {2016},
  url = {https://www.appveyor.com/},
}

@article{wfd2000directive,
  title={Directive 2000/60/EC of the European Parliament and of the Council Establishing a Framework for the Community Action in the Field of Water Policy},
  author={EU-WFD},
  year={2000},
  journal={The European Parliament and Council},
  number={L327/1}
}
